%%%%%%%%%%%%%%%%%%%%%%%%%%%%%%%
%% our research group's papers
%%%%%%%%%%%%%%%%%%%%%%%%%%%%%%%

@inproceedings{saito2016estimating,
  title={Estimating CPU Features by Browser Fingerprinting},
  author={Saito, Takamichi and Yasuda, Koki and Ishikawa, Takayuki and Hosoi, Rio and Takahashi, Kazushi and Chen, Yongyan and Zalasi{\'n}ski, Marcin},
  booktitle={Innovative Mobile and Internet Services in Ubiquitous Computing (IMIS), 2016 10th International Conference on},
  pages={587--592},
  year={2016},
  organization={IEEE}
}

@inproceedings{saito2017tor,
  title={Tor Fingerprinting: Tor Browser Can Mitigate Browser Fingerprinting?},
  author={Saito, Takamichi and Takahashi, Kazushi and Yasuda, Koki and Tanabe, Kazuhisa and Taneoka, Masayuki and Hosoya, Ryohei},
  booktitle={International Conference on Network-Based Information Systems},
  pages={504--517},
  year={2017},
  organization={Springer}
}

@inproceedings{saito2017web,
  title={Web Browser Tampering: Inspecting CPU Features from Side-Channel Information},
  author={Saito, Takamichi and Yasuda, Koki and Tanabe, Kazuhisa and Takahashi, Kazushi},
  booktitle={International Conference on Broadband and Wireless Computing, Communication and Applications},
  pages={392--403},
  year={2017},
  organization={Springer}
}

@inproceedings{takasu2015survey,
  title={A survey of hardware features in modern browsers: 2015 edition},
  author={Takasu, Ko and Saito, Takamichi and Yamada, Tomotaka and Ishikawa, Takayuki},
  booktitle={Innovative Mobile and Internet Services in Ubiquitous Computing (IMIS), 2015 9th International Conference on},
  pages={520--524},
  year={2015},
  organization={IEEE}
}

@inproceedings{takei2015web,
  title={Web browser fingerprinting using only cascading style sheets},
  author={Takei, Naoki and Saito, Takamichi and Takasu, Ko and Yamada, Tomotaka},
  booktitle={Broadband and Wireless Computing, Communication and Applications (BWCCA), 2015 10th International Conference on},
  pages={57--63},
  year={2015},
  organization={IEEE}
}

@article{磯侑斗2014web,
  title={Web Browser Fingerprint を採取する Web サイトの構築と採集データの分析},
  author={磯侑斗 and 桐生直輝 and 塚本耕司 and 高須航 and 山田智隆 and 武居直樹 and 齋藤孝道 and others},
  journal={コンピュータセキュリティシンポジウム 2014 論文集},
  volume={2014},
  number={2},
  pages={378--385},
  year={2014}
}

@article{高須航2014モダンブラウザにおいて採取可能な端末情報の調査,
  title={モダンブラウザにおいて採取可能な端末情報の調査: 2014 年版},
  author={高須航 and 磯侑斗 and 桐生直輝 and 塚本耕司 and 武居直樹 and 山田智隆 and 齋藤孝道 and others},
  journal={コンピュータセキュリティシンポジウム 2014 論文集},
  volume={2014},
  number={2},
  pages={512--518},
  year={2014}
}

@article{桐生直輝2014web,
  title={Web Workers を用いた演算処理性能の差による CPU コア数の推定},
  author={桐生直輝 and 磯侑斗 and 金子洋平 and 齋藤孝道 and others},
  journal={コンピュータセキュリティシンポジウム 2014 論文集},
  volume={2014},
  number={2},
  pages={386--393},
  year={2014}
}

@article{桐生直輝2013cpu,
  title={CPU 拡張命令の対応の有無による CPU アーキテクチャの推測},
  author={桐生直輝 and 後藤浩行 and 齋藤孝道 and others},
  journal={第 75 回全国大会講演論文集},
  volume={2013},
  number={1},
  pages={613--614},
  year={2013}
}

@article{後藤浩行2013web,
  title={Web行動追跡のためのハードウェア特徴点の抽出},
  author={後藤浩行 and 齋藤孝道 and others},
  journal={暗号と情報セキュリティシンポジウム},
  year={2013}
}

@article{細井理央2015ブラウザが属するネットワークの情報を採取する,
  title={ブラウザが属するネットワークの情報を採取する Browser Scanner の提案},
  author={細井理央 and 高須航 and 山田智隆 and 武居直樹 and 石川貴之 and 高橋和司 and 安田昂樹 and 齋藤孝道 and others},
  journal={コンピュータセキュリティシンポジウム 2015 論文集},
  volume={2015},
  number={3},
  pages={679--685},
  year={2015}
}

%%%%%%%%%%%%%%%%%%%%%%%%%%%%%%%
%% other researcher's papers
%%%%%%%%%%%%%%%%%%%%%%%%%%%%%%%

%% general

@inproceedings{felten2000timing,
  title={Timing attacks on web privacy},
  author={Felten, Edward W and Schneider, Michael A},
  booktitle={Proceedings of the 7th ACM conference on Computer and communications security},
  pages={25--32},
  year={2000},
  organization={ACM}
}

@article{kohno2005remote,
  title={Remote physical device fingerprinting},
  author={Kohno, Tadayoshi and Broido, Andre and Claffy, Kimberly C},
  journal={IEEE Transactions on Dependable and Secure Computing},
  volume={2},
  number={2},
  pages={93--108},
  year={2005},
  publisher={IEEE}
}

@article{mayer2009any,
  title={Any person... a pamphleteer”: Internet Anonymity in the Age of Web 2.0},
  author={Mayer, Jonathan R},
  journal={Undergraduate Senior Thesis, Princeton University},
  year={2009}
}

@inproceedings{eckersley2010unique,
  title={How unique is your web browser?},
  author={Eckersley, Peter},
  booktitle={Privacy Enhancing Technologies},
  volume={6205},
  pages={1--18},
  year={2010},
  organization={Springer}
}

@article{mowery2011fingerprinting,
  title={Fingerprinting information in JavaScript implementations},
  author={Mowery, Keaton and Bogenreif, Dillon and Yilek, Scott and Shacham, Hovav},
  journal={Proceedings of W2SP},
  volume={2},
  pages={180--193},
  year={2011}
}

@inproceedings{boda2011user,
  title={User tracking on the web via cross-browser fingerprinting},
  author={Boda, K{\'a}roly and F{\"o}ldes, {\'A}d{\'a}m M{\'a}t{\'e} and Guly{\'a}s, G{\'a}bor Gy{\"o}rgy and Imre, S{\'a}ndor},
  booktitle={Nordic Conference on Secure IT Systems},
  pages={31--46},
  year={2011},
  organization={Springer}
}

@inproceedings{reschl2011efficient,
  title={Efficient browser identification with JavaScript engine fingerprinting},
  author={Reschl, Philipp and Mulazzani, Martin and Huber, Markus and Weippl, Edgar},
  booktitle={Proc. of Annual Computer Security Applications Conference (ACSAC)},
  year={2011}
}

@inproceedings{mulazzani2013fast,
  title={Fast and reliable browser identification with javascript engine fingerprinting},
  author={Mulazzani, Martin and Reschl, Philipp and Huber, Markus and Leithner, Manuel and Schrittwieser, Sebastian and Weippl, Edgar and Wien, FC},
  booktitle={Web 2.0 Workshop on Security and Privacy (W2SP)},
  volume={5},
  year={2013}
}

@article{bojinov2014mobile,
  title={Mobile device identification via sensor fingerprinting},
  author={Bojinov, Hristo and Michalevsky, Yan and Nakibly, Gabi and Boneh, Dan},
  journal={arXiv preprint arXiv:1408.1416},
  year={2014}
}


%% investigation

@inproceedings{mayer2012third,
  title={Third-party web tracking: Policy and technology},
  author={Mayer, Jonathan R and Mitchell, John C},
  booktitle={Security and Privacy (SP), 2012 IEEE Symposium on},
  pages={413--427},
  year={2012},
  organization={IEEE}
}

@inproceedings{nikiforakis2013cookieless,
  title={Cookieless monster: Exploring the ecosystem of web-based device fingerprinting},
  author={Nikiforakis, Nick and Kapravelos, Alexandros and Joosen, Wouter and Kruegel, Christopher and Piessens, Frank and Vigna, Giovanni},
  booktitle={Security and privacy (SP), 2013 IEEE symposium on},
  pages={541--555},
  year={2013},
  organization={IEEE}
}

@inproceedings{acar2014web,
  title={The web never forgets: Persistent tracking mechanisms in the wild},
  author={Acar, Gunes and Eubank, Christian and Englehardt, Steven and Juarez, Marc and Narayanan, Arvind and Diaz, Claudia},
  booktitle={Proceedings of the 2014 ACM SIGSAC Conference on Computer and Communications Security},
  pages={674--689},
  year={2014},
  organization={ACM}
}

@inproceedings{englehardt2016online,
  title={Online tracking: A 1-million-site measurement and analysis},
  author={Englehardt, Steven and Narayanan, Arvind},
  booktitle={Proceedings of the 2016 ACM SIGSAC Conference on Computer and Communications Security},
  pages={1388--1401},
  year={2016},
  organization={ACM}
}

@inproceedings{laperdrix2016beauty,
  title={Beauty and the beast: Diverting modern web browsers to build unique browser fingerprints},
  author={Laperdrix, Pierre and Rudametkin, Walter and Baudry, Benoit},
  booktitle={Security and Privacy (SP), 2016 IEEE Symposium on},
  pages={878--894},
  year={2016},
  organization={IEEE}
}

@inproceedings{ho2014tick,
  title={Tick Tock: Building Browser Red Pills from Timing Side Channels.},
  author={Ho, Grant and Boneh, Dan and Ballard, Lucas and Provos, Niels},
  booktitle={WOOT},
  year={2014}
}

%% new features

@article{mowery2012pixel,
  title={Pixel perfect: Fingerprinting canvas in HTML5},
  author={Mowery, Keaton and Shacham, Hovav},
  journal={Proceedings of W2SP},
  pages={1--12},
  year={2012}
}

@article{nakibly2015hardware,
  title={Hardware fingerprinting using HTML5},
  author={Nakibly, Gabi and Shelef, Gilad and Yudilevich, Shiran},
  journal={arXiv preprint arXiv:1503.01408},
  year={2015}
}

@article{husak2016https,
  title={HTTPS traffic analysis and client identification using passive SSL/TLS fingerprinting},
  author={Hus{\'a}k, Martin and {\v{C}}erm{\'a}k, Milan and Jirs{\'\i}k, Tom{\'a}{\v{s}} and {\v{C}}eleda, Pavel},
  journal={EURASIP Journal on Information Security},
  volume={2016},
  number={1},
  pages={6},
  year={2016},
  publisher={Springer}
}

@inproceedings{diaz2015leaking,
  title={The leaking battery: A privacy analysis of the html5 battery status api},
  author={Diaz, Claudia and Olejnik, Lukasz and Acar, Gunes and Casteluccia, Claude},
  booktitle={Lecture Notes in Computer Science},
  volume={9481},
  pages={254--263},
  year={2015},
  organization={Springer}
}

%% Mitigation or Blocking

@inproceedings{acar2013fpdetective,
  title={FPDetective: dusting the web for fingerprinters},
  author={Acar, Gunes and Juarez, Marc and Nikiforakis, Nick and Diaz, Claudia and G{\"u}rses, Seda and Piessens, Frank and Preneel, Bart},
  booktitle={Proceedings of the 2013 ACM SIGSAC conference on Computer \& communications security},
  pages={1129--1140},
  year={2013},
  organization={ACM}
}

@inproceedings{laperdrix2015mitigating,
  title={Mitigating browser fingerprint tracking: multi-level reconfiguration and diversification},
  author={Laperdrix, Pierre and Rudametkin, Walter and Baudry, Benoit},
  booktitle={Proceedings of the 10th International Symposium on Software Engineering for Adaptive and Self-Managing Systems},
  pages={98--108},
  year={2015},
  organization={IEEE Press}
}

@inproceedings{nikiforakis2015privaricator,
  title={Privaricator: Deceiving fingerprinters with little white lies},
  author={Nikiforakis, Nick and Joosen, Wouter and Livshits, Benjamin},
  booktitle={Proceedings of the 24th International Conference on World Wide Web},
  pages={820--830},
  year={2015},
  organization={International World Wide Web Conferences Steering Committee}
}

@inproceedings{torres2015fp,
  title={FP-Block: usable web privacy by controlling browser fingerprinting},
  author={Torres, Christof Ferreira and Jonker, Hugo and Mauw, Sjouke},
  booktitle={European Symposium on Research in Computer Security},
  pages={3--19},
  year={2015},
  organization={Springer}
}

@inproceedings{faizkhademi2015fpguard,
  title={FPGuard: Detection and prevention of browser fingerprinting},
  author={FaizKhademi, Amin and Zulkernine, Mohammad and Weldemariam, Komminist},
  booktitle={IFIP Annual Conference on Data and Applications Security and Privacy},
  pages={293--308},
  year={2015},
  organization={Springer}
}


%%%%%%%%%%%%%%%%%%%%%%%%%%%%%
%% specifications
%%%%%%%%%%%%%%%%%%%%%%%%%%%%%

@misc{rfc6973,
  title = {Request for Comments: 6973},
  howpublished = {\url{https://tools.ietf.org/html/rfc6973}}
}

@misc{rfc7230,
  title = {Hypertext Transfer Protocol (HTTP/1.1): Message Syntax and Routing},
  howpublished = {https://tools.ietf.org/html/rfc7230}
}

@misc{rfc7231,
  title = {Hypertext Transfer Protocol (HTTP/1.1): Semantics and Content},
  howpublished = {https://tools.ietf.org/html/rfc7231}
}

@misc{rfc7232,
  title = {Hypertext Transfer Protocol (HTTP/1.1): Conditional Requests},
  howpublished = {https://tools.ietf.org/html/rfc7232}
}

@misc{rfc7233,
  title = {Hypertext Transfer Protocol (HTTP/1.1): Range Requests},
  howpublished = {https://tools.ietf.org/html/rfc7233}
}

@misc{rfc7234,
  title = {Hypertext Transfer Protocol (HTTP/1.1): Caching},
  howpublished = {https://tools.ietf.org/html/rfc7234}
}

@misc{rfc7235,
  title = {Hypertext Transfer Protocol (HTTP/1.1): Authentication},
  howpublished = {https://tools.ietf.org/html/rfc7235}
}

@misc{rfc7540,
  title = {Hypertext Transfer Protocol Version 2 (HTTP/2)},
  howpublished = {https://tools.ietf.org/html/rfc7540}
}

@misc{smbios_ref
  title = {System Management BIOS ({SMBIOS}) Reference Specification DSP0134},
  howpublished = {\url{http://dmtf.org/sites/default/files/standards/documents/DSP0134_2.6.1.pdf}}
}

@misc{
  title = {USB.org - ExpressCard},
  howpublished = {\url{http://www.usb.org/developers/expresscard}}
}



%%%%%%%%%%%%%%%%%%%%%%%%%%%%%
%% web articles
%%%%%%%%%%%%%%%%%%%%%%%%%%%%%

@misc{usagestatic,
 title = {Usage Statistics of JavaScript for Websites},
 howpublished = {\url{https://w3techs.com/technologies/details/cp-javascript/all/all}},
}

@misc{noscript,
 title = {NoScript Security Suite :: Add-ons for Firefox},
 howpublished = {\url{https://addons.mozilla.org/ja/firefox/addon/noscript/}},
}

@misc{cssonly_font,
 title = {JavaScript/CSS Font Detector, lalit.org},
 howpublished = {\url{http://www.lalit.org/lab/javascript-css-font-detect/}},
}

@misc{firegloves,
 title = {Firegloves; Cross-browser fingerprinting test 2.0},
 howpublished = {\url{https://fingerprint.pet-portal.eu/?menu=6}},
}

@misc{ghostery,
 title = {Ghostery Makes the Web Cleanear, Faster and Safer!},
 howpublished = {\url{https://www.ghostery.com/}},
}

@misc{tor,
 title = {Tor Project: Anonymity Online},
 howpublished = {\url{https://www.torproject.org/}},
}
@misc{ghostwords,
 title = {GitHub - ghostwords/chameleon: Browser fingerprinting protection for everybody.},
 howpublished = {\url{https://github.com/ghostwords/chameleon}},
}

@misc{dnt,
 title = {Tracking Preference Expression (DNT)},
 howpublished = {\url{https://www.w3.org/TR/tracking-dnt/}},
}

@misc{p0f,
 title = {p0f v3},
 howpublished = {\url{http://lcamtuf.coredump.cx/p0f3/}},
}

@misc{xprobe,
 title = {Xprobe2},
 howpublished = {\url{https://linux.die.net/man/1/xprobe2}},
}

@misc{nmap,
 title = {Nmap},
 howpublished = {\url{https://nmap.org/}},
}

@misc{panopticlick,
 title = {Panopticlick},
 howpublished = {\url{https://panopticlick.eff.org/}},
}

@misc{amiuniue,
 title = {Am I unique?},
 howpublished = {\url{https://amiunique.org/}},
}

@misc{browserleaks,
 title = {BrowserLeaks},
 howpublished = {\url{https://browserleaks.com/}},
}

@misc{browserspy,
 title = {BrowserSPY},
 howpublished = {\url{http://browserspy.dk/}},
}

@misc{detectmybrowser,
 title = {Detect my Browser},
 howpublished = {\url{http://detectmybrowser.com/}},
}

@misc{ipleak,
 title = {IPLEAK},
 howpublished = {\url{https://ipleak.net/}},
}

@misc{browser_recon,
 title = {BrowserRecon project – Advanced web browser fingerprinting.},
 howpublished = {\url{http://www.computec.ch/projekte/browserrecon/}},
}

@misc{publickeypinning,
 title = {Public Key Pinning Extension for HTTP},
 howpublished = {\url{https://tools.ietf.org/html/rfc7469}},
}

@misc{tor_bugtrack,
  title = {Tor Bug Tracker \& Wiki},
  howpublished = {\url{https://trac.torproject.org/projects/tor/ticket/6119}}
}

@misc{javascript_usage,
  title = {Usage of JavaScript for websites},
  howpublished = {\url{https://w3techs.com/technologies/details/cp-javascript/all/all}}
}

@misc{chamereon,
  title = {Chamereon},
  howpublished = {\url{https://github.com/ghostwords/chameleon}}
}

@misc{privacybadger,
  title = {Privacy Badger},
  howpublished = {\url{https://www.eff.org/privacybadger}}
}

@misc{blink,
  title = {blink-docker},
  howpublished = {https://github.com/plaperdr/blink-docker}
}